@software{forets2021intervalmat,
	author = {
	Marcelo Forets and
	Christian Schilling and
	Luca Feranti 
	},
	title  = {IntervalMatrices.jl: Matrices with interval coefficients in Julia},
	month  = {9},
	year   = {2021},
	doi    = {10.5281/zenodo.5516249},
	url    = {https://github.com/juliareach/IntervalMatrices.jl}
}

@software{ferranti2021interval,
	author = {
	Luca Feranti and
	Marcelo Forets and
	David P. Sanders
	},
	title  = {{I}nterval{L}inear{A}lgebra.jl: linear algebra done rigorously},
	month  = {9},
	year   = {2021},
	doi    = {10.5281/zenodo.5363563},
	url    = {https://github.com/juliaintervals/IntervalLinearAlgebra.jl}
}

@article{forets-schilling-LazySets21,
	title={{L}azy{S}ets.jl: {S}calable {S}ymbolic-{N}umeric {S}et {C}omputations},
	author={Forets, Marcelo and Schilling, Christian},
	journal={Submitted to JuliaCon Proceedings},
	year={2021}
}

@article{forets2021combining,
	title={Combining Set Propagation with Finite Element Methods for Time Integration in Transient Solid Mechanics Problems},
	author={Forets, Marcelo and Caporale, Daniel Freire and Zerpa, Jorge M P{\'e}rez},
	journal={arXiv preprint arXiv:2105.05841. Accepted in Computers \& Structures},
	year={2021}
}

@article{le2010reachability,
	title={Reachability analysis of linear systems using support functions},
	author={Le Guernic, Colas and Girard, Antoine},
	journal={Nonlinear Analysis: Hybrid Systems},
	volume={4},
	number={2},
	pages={250--262},
	year={2010},
	publisher={Elsevier}
}

@article{althoff2020set,
	title={Set Propagation Techniques for Reachability Analysis},
	author={Althoff, Matthias and Frehse, Goran and Girard, Antoine},
	journal={Annual Review of Control, Robotics, and Autonomous Systems},
	volume={4},
	year={2020},
	publisher={Annual Reviews}
}

@misc{onsas,
	author       = {Jorge M. {PÃ©rez~Zerpa} et al.},
	title        = {Open {N}onlinear {S}tructural {A}nalysis {S}olver {{ONSAS}}},
	month        = set,
	year         = 2021,
	howpublished = {\url{https://github.com/ONSAS/ONSAS.m/}}
}

@misc{juliareach,
	author       = {Marcelo Forets and Christian Schilling and Daniel Freire Caporale and Luis Benet and David P. Sanders and Sebastian Guadalupe},
	title        = {{J}ulia{R}each},
	month        = may,
	year         = 2021,
	howpublished = {\url{https://github.com/JuliaReach/}}
}

@article{LeGuernic2010250,
	author    = {Colas {Le Guernic} and
	Antoine Girard},
	title     = {Reachability analysis of linear systems using support functions},
	journal   = {Nonlinear Analysis: Hybrid Systems},
	volume    = {4},
	number    = {2},
	pages     = {250 - 262},
	year      = {2010},
	note      = {IFAC World Congress 2008},
	@url       = {https://@doi.org/10.1016/j.nahs.2009.03.002},
	@doi       = {10.1016/j.nahs.2009.03.002}
}

@book{Bathe2014,
	address = {Watertown, USA},
	author = {Bathe, Klaus-J{\"{u}}rgen},
	edition = {2},
	title = {{Finite Element Procedures}},
	year = {2014}
}
